<record><leader>00000cas a22000007a 4500</leader><controlfield tag="001">24647660</controlfield><controlfield tag="008">911030d1uuu1944ncuwr ne      0    0eng d</controlfield><datafield ind1=" " ind2=" " tag="010"><subfield code="a">sn 91068705 </subfield></datafield><datafield ind1=" " ind2=" " tag="040"><subfield code="a">NVJ</subfield><subfield code="b">eng</subfield><subfield code="c">NVJ</subfield><subfield code="d">OCLCQ</subfield></datafield><datafield ind1=" " ind2=" " tag="042"><subfield code="a">msc</subfield></datafield><datafield ind1="0" ind2=" " tag="130"><subfield code="a">Scottish chief (Maxton, N.C.)</subfield></datafield><datafield ind1="1" ind2="4" tag="245"><subfield code="a">The Scottish chief.</subfield></datafield><datafield ind1=" " ind2=" " tag="260"><subfield code="a">Maxton, N.C. :</subfield><subfield code="b">W.B. Harker</subfield></datafield><datafield ind1=" " ind2=" " tag="300"><subfield code="a">v.</subfield></datafield><datafield ind1=" " ind2=" " tag="310"><subfield code="a">Weekly</subfield></datafield><datafield ind1="1" ind2=" " tag="362"><subfield code="a">Ceased in 1944.</subfield></datafield><datafield ind1=" " ind2=" " tag="588"><subfield code="a">Description based on: Vol. 22, no. 13 (Mar. 27, 1908).</subfield></datafield><datafield ind1=" " ind2=" " tag="752"><subfield code="a">United States</subfield><subfield code="b">North Carolina</subfield><subfield code="c">Robeson</subfield><subfield code="d">Maxton.</subfield></datafield><datafield ind1="0" ind2="7" tag="785"><subfield code="t">Red Springs citizen (Red Springs, N.C. : 1896)</subfield><subfield code="w">(DLC)sn 91068706</subfield></datafield><datafield ind1="0" ind2="7" tag="785"><subfield code="t">Scottish citizen</subfield><subfield code="w">(DLC)sn 91068707</subfield></datafield></record>